% ------------------------------------------------------------------------------
% References bib file
% This file should contain the citation information for the references included in the report.
% ------------------------------------------------------------------------------

% Book
% @book{marker,
% 	author = {},
% 	title = {}, 
% 	publisher = {},
% 	volume = {},
% 	number = {},
% 	series = {},
% 	address = {},
% 	edition = {},
% 	year = {yyyy},
% }

% Journal paper
% @article{marker,
% 	author = {}, 
% 	title = {}, 
% 	journal = {},
% 	volume = {},
% 	number = {},
% 	pages = {},
% 	year = {yyyy},
% }

% Webpage
% @online{marker,
% 	title = {},
% 	organization = {},
% 	date = {yyyy},
% 	urldate = {yyyy-mm-dd},
% 	url = {},
% }

% ------------------------------------------------------------------------------
% Sources
% ------------------------------------------------------------------------------
@book{stroud:2013,
	title={Engineering mathematics},
	author={Stroud, K.A. and Booth, D.J.},
	year={2013},
	publisher={Macmillan International Higher Education}
}

@book{voss:2013,
	title={An Introduction to Statistical Computing},
	author={Jochen Voss},
	year={2013},
	publisher={Wiley Publications}
}

@book{manning:2008,
	title={Introduction to Information Retrieval},
	author={Christopher D. Manning, Prabhakar Raghavan and Hinrich Schütze},
	year={2008},
	publisher={Cambridge University Press}
}

@book{manning:1999,
  added-at = {2012-10-27T14:08:08.000+0200},
  address = {Cambridge, MA},
  author = {Manning, Christopher D. and Schütze, Hinrich},
  biburl = {https://www.bibsonomy.org/bibtex/29b2ddcf0d31e9f0d787b2bce8803fa96/jil},
  interhash = {abeffbe1782663225f08bb5bd34ddc08},
  intrahash = {9b2ddcf0d31e9f0d787b2bce8803fa96},
  isbn = {0262133601},
  keywords = {book manning nlp schütze},
  publisher = {MIT Press},
  timestamp = {2013-11-23T20:11:51.000+0100},
  title = {{Foundations of Statistical Natural Language Processing}},
  year = {1999}
}

@article{harten:1983,
	title={On upstream differencing and Godunov-type schemes for hyperbolic conservation laws},
	author={Harten, A. and Lax, P.D. and {van Leer}, B.},
	journal={SIAM review},
	volume={25},
	number={1},
	pages={35--61},
	year={1983},
	publisher={SIAM}
}

@article{DBLP:journals/corr/SennrichHB15,
  author    = {Rico Sennrich and
               Barry Haddow and
               Alexandra Birch},
  title     = {Neural Machine Translation of Rare Words with Subword Units},
  journal   = {CoRR},
  volume    = {abs/1508.07909},
  year      = {2015},
  url       = {http://arxiv.org/abs/1508.07909},
  eprinttype = {arXiv},
  eprint    = {1508.07909},
  timestamp = {Mon, 13 Aug 2018 16:47:17 +0200},
  biburl    = {https://dblp.org/rec/journals/corr/SennrichHB15.bib},
  bibsource = {dblp computer science bibliography, https://dblp.org}
}

@article{DBLP:journals/corr/abs-2112-10508,
  author    = {Sabrina J. Mielke and
               Zaid Alyafeai and
               Elizabeth Salesky and
               Colin Raffel and
               Manan Dey and
               Matthias Gall{\'{e}} and
               Arun Raja and
               Chenglei Si and
               Wilson Y. Lee and
               Beno{\^{\i}}t Sagot and
               Samson Tan},
  title     = {Between words and characters: {A} Brief History of Open-Vocabulary
               Modeling and Tokenization in {NLP}},
  journal   = {CoRR},
  volume    = {abs/2112.10508},
  year      = {2021},
  url       = {https://arxiv.org/abs/2112.10508},
  eprinttype = {arXiv},
  eprint    = {2112.10508},
  timestamp = {Tue, 04 Jan 2022 15:59:27 +0100},
  biburl    = {https://dblp.org/rec/journals/corr/abs-2112-10508.bib},
  bibsource = {dblp computer science bibliography, https://dblp.org}
}


@misc{tokenization_nlp_analyticsvidhya,
  author = {Aravindpai Pai},
  title = {{What is Tokenization in NLP?}},
  howpublished = {\url{https://www.analyticsvidhya.com/blog/2020/05/what-is-tokenization-nlp/}},
  year = {2020}, 
  note = "[Online; accessed 26-May-2020]"
}

@misc{subwords_tokenization,
  author = {Aram Munawwar},
  title = {{A comprehensive guide to subwords tokenization}},
  howpublished = {\url{https://towardsdatascience.com/a-comprehensive-guide-to-subword-tokenisers-4bbd3bad9a7c}},
  year = {2020}, 
  note = "[Online; accessed 18-Dec-2020]"
}

@misc{english_characters,
  author = {Research Gate, Sumit Nalawade},
  title = {{English Character List}},
  howpublished = {\url{https://www.researchgate.net/figure/Set-of-standard-characters-in-English-language_fig1_262672366}},
  year = {2020}, 
  note = "[Online; accessed Apr-2014]"
}

@misc{murky-world-plagiarism,
  author = {The Guardian, Alison Flood},
  title = {{Secondhand books}},
  howpublished = {\url{https://www.theguardian.com/books/2019/feb/25/secondhand-books-the-murky-world-of-literary-plagiarism}},
  year = {2019}, 
  note = "[Online; accessed Feb-2019]"
}

@misc{laplace-naive-bayes,
  author = {Visual Studio Magazine, James McCaffrey},
  title = {{Laplacian Smoothing}},
  howpublished = {\url{https://visualstudiomagazine.com/articles/2019/05/01/naive-bayes-classification.aspx}},
  year = {2019}, 
  note = "[Online; accessed May-2019]"
}

@online{wikibooks_bibtex,
	title = {LaTeX/Bibliography Management},
	organization = {Wikibooks},
	date = {2019},
	urldate = {2019-07-11},
	url = {https://en.wikibooks.org/wiki/LaTeX/Bibliography_Management},
}

https://www.gutenberg.org/

@online{project-gutenburg,
	title = {Project Gutenberg},
	organization = {ibiblio.org},
	date = {1971},
	url = {https://www.gutenberg.org/},
}

@online{ml_bayes_theorem,
	title = {Bayes Theorem for Machine Learning},
	organization = {Machine Learning Mastery},
	date = {2019},
	urldate = {2019-10-04},
	url = {https://machinelearningmastery.com/bayes-theorem-for-machine-learning/},
}

@online{great_expectations,
	title = {Great Expectations},
	organization = {Charles Dickens, Project Gutenberg},
	date = {1998},
	urldate = {1998-07-01},
	url = {https://www.gutenberg.org/files/1400/1400-0.txt},
}

@online{great-gatsby,
	title = {The Great Gatsby},
	organization = {F. Scott Fitzgerald, Project Gutenberg},
	date = {2021},
	urldate = {2021-01-17},
	url = {https://www.gutenberg.org/cache/epub/64317/pg64317.txt},
}

@online{huckleberry-finn,
	title = {Adventures of Huckleberry Finn},
	organization = {Mark Twain, Project Gutenberg},
	date = {2004},
	urldate = {2004-06-27},
	url = {https://www.gutenberg.org/cache/epub/7100/pg7100.txt},
}

@online{moby-dick,
	title = {Moby Dick},
	organization = {Herman Melville, Project Gutenberg},
	date = {2001},
	urldate = {2021-08-18},
	url = {https://www.gutenberg.org/files/2701/2701-0.txt},
}

@online{oliver-twist,
	title = {Oliver Twist},
	organization = {Charles Dickens, Project Gutenberg},
	date = {1996},
	urldate = {2022-06-17},
	url = {https://www.gutenberg.org/cache/epub/730/pg730.txt},
}

@online{pride-prejudice,
	title = {Pride and Prejudice},
	organization = {Jane Austen, Project Gutenberg},
	date = {1998},
	urldate = {2021-08-23},
	url = {https://www.gutenberg.org/files/1342/1342-0.txt},
}

@online{sherlock-holmes,
	title = {Adventures of Sherlock Holmes},
	organization = {Arthur Conan Doyle, Project Gutenberg},
	date = {2002},
	urldate = {2019-05-20},
	url = {https://www.gutenberg.org/files/1661/1661-0.txt},
}

@online{sign-of-the-four,
	title = {Sign of the Four},
	organization = {Arthur Conan Doyle, Project Gutenberg},
	date = {2000},
	urldate = {2022-06-15},
	url = {https://www.gutenberg.org/cache/epub/2097/pg2097.txt},
}

@online{great_expectations-summary,
	title = {Great Expectations Summary},
	organization = {BBC},
	date = {1998},
	url = {https://www.bbc.co.uk/bitesize/guides/zp3cmnb/revision/1},
}

@online{great-gatsby-summary,
	title = {The Great Gatsby Summary},
	organization = {Cliffnotes},
	date = {2021},
	url = {https://www.cliffsnotes.com/literature/g/the-great-gatsby/the-great-gatsby-at-a-glance},
}

@online{huckleberry-finn-summary,
	title = {Adventures of Huckleberry Finn Summary},
	organization = {Brittanica},
	date = {2004},
	url = {https://www.britannica.com/topic/Adventures-of-Huckleberry-Finn-novel-by-Twain},
}

@online{moby-dick-summary,
	title = {Moby Dick Summary},
	organization = {Brittanica},
	date = {2001},
	url = {https://www.britannica.com/topic/Moby-Dick-novel},
}

@online{oliver-twist-summary,
	title = {Oliver Twist Summary},
	organization = {Brittanica},
	date = {1996},
	url = {https://www.britannica.com/topic/Oliver-Twist-novel-by-Dickens},
}

@online{pride-prejudice-summary,
	title = {Pride and Prejudice Summary},
	organization = {Brittanica},
	date = {1998},
	url = {https://www.britannica.com/topic/Pride-and-Prejudice},
}

@online{sherlock-holmes-summary,
	title = {Adventures of Sherlock Holmes Summary},
	organization = {Study.com},
	date = {2002},
	url = {https://study.com/academy/lesson/adventures-of-sherlock-holmes-by-arthur-conan-doyle-summary-lesson-quiz.html},
}

@online{sign-of-the-four-summary,
	title = {Sign of the Four Summary},
	organization = {BBC},
	date = {2000},
	url = {https://www.bbc.co.uk/bitesize/guides/z2j72hv/revision/1},
}

@misc{MATH-2750,
  author = {Professor Matthew Aldridge},
  title = {{Introduction to Markov Processes}},
  howpublished = {\url{https://mpaldridge.github.io/math2750/}},
  year = {2021}
}




@inproceedings{torunouglu2013wikipedia,
  title={Wikipedia based semantic smoothing for twitter sentiment classification},
  author={Toruno{\u{g}}lu, Dilara and Telseren, G{\"u}rkan and Sa{\u{g}}t{\"u}rk, {\"O}zg{\"u}n and Ganiz, Murat C},
  booktitle={2013 IEEE INISTA},
  pages={1--5},
  year={2013},
  organization={IEEE}
}


